@book{nrc2005autonomous,
author={{National Research Council}},
year={2005},
title={Autonomous Vehicles in Support of Naval Operations},
address={Washington, DC},
publisher={The National Academies Press},
doi={10.17226/11379}}

@misc{noaa2009how,
author={{US Department of Commerce and National Oceanic and Atmosphere Admininstration}},
year={2009},
title={How much of the ocean have we explored?},
url={https://oceanservice.noaa.gov/facts/exploration.html},
note={Accessed: 08-Apr-2020}}

@article{maslin2020raising,
author={Maslin, E},
year={2020},
title={Raising the Pipeline Inspection Game},
journal={Offshore Engineer Magazine},
url={https://www.oedigital.com/news/474800-raising-the-pipeline-inspection-game}}

@article{berenice2018splash,
author={Berenice},
title={Splash in the ocean: the {US Navy}'s {UUV} investment},
journal={Naval Technology},
year={2018},
url={https://www.naval-technology.com/features/splash-ocean-us-navys-uuv-investment/},
note={Accessed 20-Apr-2020}}

@book{orourke2020navy,
author={O'Rourke, R},
title={Navy Large Unmanned Surface and Undersea Vehicles: Background and Issues for Congress},
year={2020},
publisher={Congressional Research Service},
url={https://crsreports.congress.gov/}}

@inproceedings{hiller2012expanding,
author={Hiller, T and Steingrimsson, A and Melvin, R},
year={2012},
title={Expanding the small {AUV} mission envelope; longer, deeper \& more accurate},
booktitle={2012 IEEE/OES Autonomous Underwater Vehicles (AUV)},
address={Southampton},
pages={1--4}}

@inproceedings{liu2005mimicry,
author={Liu, Jindong and Hu, Huosheng},
year={2005},
title={Mimicry of Sharp Turning Behaviours in a Robotic Fish},
booktitle={Proceedings of the 2005 IEEE International Conference on Robotics and Automation},
address={Barcelona, Spain},
pages={3318--3323}}

@inproceedings{xu2007initial,
author={Xu, Yicun and Zong, Guanghua and Bi, Shusheng and Gao, Jun},
year={2007},
title={Initial development of a flapping propelled unmanned underwater vehicle (UUV)},
booktitle={2007 IEEE International Conference on Robotics and Biomimetics (ROBIO)},
address={Sanya},
pages={524--529}}

@inproceedings{tangorra2006biorobotic,
author={Tangorra, J L and Davidson, S N and Madden, P G and Lauder, G. V. and Hunter, I. W.},
year={2006},
title={A Biorobotic Pectoral Fin for Autonomous Undersea Vehicles},
booktitle={2006 International Conference of the IEEE Engineering in Medicine and Biology Society},
address={New York, NY},
pages={2726--2729}}.

@inproceedings{su2010experimental,
author={Su, Y and Zhang, X and Yang, L and Wang, Z},
year={2010},
title={Experimental and numerical analysis for influence of the caudal fin shape on the biomimetic propulsion performance},
booktitle={2010 IEEE International Conference on Robotics and Biomimetics},
address={Tianjin},
pages={1087--1092}}

@inproceedings{geder2013maneuvering,
author={Geder, J. D. and Ramamurti, R. and Pruessner,  M. and Palmisano, J.},
year={2013},
title={Maneuvering performance of a four-fin bio-inspired UUV},
booktitle={2013 OCEANS},
address={San Diego, CA},
pages={1--7}}

@inproceedings{zhou2009dynamics,
author={Zhou, J and Wang, S},
year={2009},
title={Dynamics Modeling and Maneuverability Simulation of the Unmanned Underwater Vehicle Hanging Torpedoes Externally},
booktitle={2009 International Asia Conference on Informatics in Control, Automation and Robotics},
address={Bangkok},
pages={207--210}}